@InBook{Lee:Connell:2003,
  author =	 {Jae K. Lee and Michael O' Connell},
  editor =	 {Parmigiani, G. and Garrett, E.S. and Irizarry, R.A. and Zeger, S.L.},
  title = 	 {The Analysis of Gene Expression Data: Nethods and Software},
  chapter = 	 {7},
  publisher = 	 {Spriger Verlag},
  year = 	 {2003},
  OPTkey = 	 {},
  OPTvolume = 	 {},
  OPTnumber = 	 {},
  OPTseries = 	 {},
  OPTtype = 	 {},
  OPTaddress = 	 {},
  OPTedition = 	 {},
  OPTmonth = 	 {},
  OPTpages = 	 {},
  OPTnote = 	 {},
  OPTannote = 	 {}
}
@article{Jain:2003,
  author =    {Nitin Jain, Jayant Thatte, Thomas Braciale, Klaus F. Ley,
 Michael O'Connell, and  Jae K. Lee},
  title =     {Local-pooled-error test for identifying 
differentially expressed genes with a small number of replicated
microarrays},
  journal =   {Bioinformatics},
  year =      2003,
  volume =    19,
  number =    15,
  pages =     {1945-1951}
}

@article{Chen:1997,
  author =    {Chen Y., Dougherty E.R., Bittner M.L.},
  title =     {Ratio-based
decisions and the quantitative analysis of cDNA microarray images},
  journal =   {Biomedical Optics},
  year =      1997,
  volume =    2,
  number =    {},
  pages =     {364-374}
}

